4456 5490
959 393 1256 476 -6-

394 627 521 714 putris,
556 623 657 687 altero
685 621 799 686 saltem
826 624 867 689 de
893 647 966 689 cum
994 623 1108 689 codiee
1134 622 1348 705 retinuimus,
1384 644 1450 709 qno
1479 621 1566 687 lacto
1594 633 1691 708 putre
1717 622 1819 688 scribi

397 709 618 777 necessarium
641 718 721 773 erat.
747 793 756 810 ·
780 708 930 811 ⁴(trellins
953 710 1041 776 enim
1064 708 1152 798 qnod
1174 717 1345 797 utramque
1367 706 1542 773 lectionem
1564 707 1600 772 in
1622 731 1661 774 eo
1684 732 1819 810 peceare

397 794 1635 969 ttttn.‘¹¹;.⁰.l.t:“tt.⁵¹titttttf'ttsstttt..tt¹ttttt.⁸‚“t⁰
1651 804 1821 968 &titt

399 992 488 1034 nunc
510 966 635 1056 agitur,
670 966 805 1031 omuino
827 991 894 1032 non
917 966 1099 1049 intellexit,
1135 966 1233 1030 immo
1256 988 1339 1069 puae
1361 964 1402 1028 ad
1425 962 1466 1029 C.
1491 963 1667 1030 Claudium
1695 977 1819 1053 patrem

399 1057 441 1121 de
462 1051 653 1142 repetundis
677 1051 862 1117 damnatum
884 1053 1064 1140 pertinent,
1086 1052 1131 1117 ita
1154 1051 1196 1116 ad
1219 1051 1323 1117 filium
1346 1050 1529 1134 transtulit,
1553 1060 1589 1114 nt
1610 1052 1698 1117 hune
1720 1053 1820 1117 eonti-

400 1151 522 1206 tentem
551 1139 672 1204 laceret
699 1136 825 1203 nelarie
853 1162 890 1204 ac
921 1137 1146 1204 fraudulenter
1175 1160 1211 1203 se
1238 1137 1336 1202 honis
1365 1137 1481 1224 patriis
1527 1135 1663 1220 otitum,
1694 1137 1821 1204 nelarie

400 1227 443 1292 iis
466 1250 561 1290 nsum
582 1246 656 1289 esse
678 1221 718 1286 ad
745 1225 867 1290 seelera
891 1223 1108 1312 perpetranda
1131 1234 1163 1289 et
1185 1218 1341 1288 libidines
1365 1222 1483 1309 expleo
1508 1245 1563 1304 as,
1597 1245 1736 1325 qnorum
1759 1223 1820 1288 cri·

398 1313 524 1378 minum
557 1333 618 1374 nec
654 1318 767 1375 nostro
800 1310 874 1375 loco
911 1333 1017 1399 usqne
1050 1308 1129 1374 alihi
1164 1309 1217 1375 vel
1250 1306 1455 1375 levissimum
1489 1306 1666 1396 vestigium
1700 1319 1819 1374 exstat.

398 1397 502 1465 Paulo
531 1405 607 1499 post
632 1405 671 1459 ut
699 1392 782 1460 sodet
811 1396 963 1485 autiquae
992 1395 1172 1478 editiones,
1206 1405 1244 1459 ut
1271 1395 1380 1459 solent
1403 1393 1500 1476 lihri,
1531 1393 1626 1481 quasi
1649 1394 1820 1460 Praetores

400 1480 541 1570 intellige
564 1503 699 1546 necesse
722 1479 786 1564 sit,
809 1493 841 1545 at
864 1481 1016 1564 lormula,
1040 1504 1124 1570 quae
1146 1505 1212 1548 oon
1236 1480 1485 1567 magistratuum
1506 1479 1745 1546 cousuetudine
1763 1480 1821 1547 sed

398 1568 528 1657 legibus
551 1578 584 1632 et
605 1565 719 1632 ordine
737 1565 939 1652 judiciorum
962 1567 1138 1643 nitebatur,
1164 1565 1383 1655 impersonale
1404 1564 1540 1631 verbum
1561 1565 1728 1654 requirere
1750 1567 1821 1632 visa

398 1665 469 1738 est,
503 1653 548 1718 el.
572 1652 667 1717 ttritz
696 1651 736 1716 ad
767 1650 903 1718 Sallust.
927 1653 1027 1719 Catil.
1083 1653 1187 1717 .133.
1248 1651 1344 1735 Quod
1375 1651 1523 1740 sequitur
1553 1650 1636 1740 lepis
1664 1653 1822 1747 quintum

399 1752 511 1807 nostra
533 1738 720 1824 conjectura
743 1749 812 1821 est,
837 1739 915 1804 editi
937 1763 1011 1804 curn
1033 1676 1155 1804 tlitie.
1180 1738 1327 1834 legisque
1349 1761 1470 1817 unum,
1494 1735 1552 1801 ubi
1574 1748 1681 1803 tamen
1704 1737 1822 1827 copula

399 1850 476 1893 curn
492 1823 632 1911 subjecti
650 1822 829 1889 mutatione
850 1848 946 1926 aegre
962 1825 1174 1909 conciliatur,
1196 1835 1297 1912 utque
1315 1825 1378 1888 hoc
1394 1822 1505 1887 miuus
1523 1834 1648 1889 eertum
1667 1823 1723 1908 sit,
1746 1847 1822 1890 mox

404 1913 607 2001 transegisse
635 1919 667 1975 et
696 1908 769 1996 ipsa
799 1909 922 1976 codicis
952 1911 1091 1998 vestigia
1121 1910 1297 1975 manifesto
1327 1907 1566 1974 commendant.
1628 1908 1702 1975 lllie
1733 1909 1821 1974 enim

399 1999 617 2087 transegisset
638 1995 826 2061 relaturum
847 1994 1000 2084 legimus,
1027 1994 1114 2060 unde
1136 1997 1209 2062 siue
1230 1995 1399 2062 temeraria
1423 1993 1553 2059 levitate
1575 2019 1636 2061 uec
1659 1999 1824 2085 trunsepit

399 2095 433 2152 et
460 2107 495 2150 se
524 2107 598 2149 cnm
620 2080 770 2147 Victorio
797 2105 858 2146 nec
884 2104 988 2176 quum
1017 2105 1092 2148 eum
1121 2083 1163 2146 L.
1188 2081 1298 2147 Lollio
1329 2091 1444 2146 trunse
1467 2083 1545 2146 isset
1573 2105 1608 2148 se
1635 2080 1824 2147 relaturum

400 2195 476 2237 cum
505 2167 647 2235 Graevio
678 2166 846 2249 effeceris,
880 2191 941 2233 nec
971 2167 1147 2257 quicquam
1176 2166 1381 2234 difficultatis
1409 2169 1431 2232 h
1475 2176 1508 2231 et
1536 2166 1719 2233 infinitivus
1750 2169 1823 2233 sinc

402 2255 569 2343 snhjecto,
604 2252 692 2343 qnod
721 2252 732 2315 i
758 2275 830 2316 sum
857 2251 1052 2319 Ciceronem
1081 2253 1116 2318 in
1144 2253 1299 2319 rellexiva
1329 2265 1491 2318 structura
1520 2253 1645 2341 passim
1674 2253 1824 2319 omittere

402 2353 515 2408 notum
539 2350 608 2424 est,
638 2338 682 2404 cl.
704 2336 842 2402 Cassen
866 2336 908 2403 ad
928 2338 1062 2404 Cluent.
1086 2363 1120 2427 p.
1134 2339 1217 2423 1923
1239 2339 1388 2428 quamvis
1411 2339 1513 2428 igitur
1534 2362 1595 2404 nec
1617 2337 1659 2404 L.
1677 2339 1823 2405 Lollium

403 2451 465 2494 nec
492 2422 699 2512 transigendi
729 2447 803 2488 cum
831 2426 893 2489 hoc
922 2425 1054 2489 modum
1084 2425 1250 2510 norimus,
1280 2425 1365 2490 nihil
1391 2436 1498 2491 tamen
1521 2447 1638 2491 causae
1660 2436 1730 2510 cst,
1765 2448 1825 2491 eur

402 2513 593 2579 Laterensis
622 2510 675 2594 id,
707 2508 892 2598 quodcum
915 2510 1036 2576 iecisse
1057 2511 1201 2599 vulgaris
1227 2535 1359 2602 qnoque
1380 2511 1479 2577 lectio
1501 2511 1627 2599 arguit,
1660 2535 1728 2579 nou
1751 2512 1824 2601 ipse

404 2623 482 2690 prae
505 2621 541 2663 se
564 2597 649 2663 lerrc
672 2606 705 2660 et
726 2594 907 2685 postulanti
929 2597 1041 2684 Appio
1065 2620 1195 2662 narrare
1216 2597 1371 2686 patuerit.

515 2681 661 2765 Videtis,
685 2679 949 2764 Commilitones,
973 2693 1132 2771 quantum
1154 2683 1219 2748 sihi
1241 2683 1383 2750 editores
1407 2681 1442 2745 in
1465 2681 1571 2748 Caelii
1594 2680 1704 2748 verbis
1725 2682 1826 2749 licere

401 2768 682 2850 existimaverint,
722 2791 886 2857 quamque
913 2768 1032 2856 exiguo
1061 2769 1194 2856 negotio
1227 2768 1341 2836 eadem
1363 2766 1496 2857 optimo
1528 2768 1642 2834 codice
1673 2768 1757 2834 duce
1787 2769 1828 2833 ad

402 2853 607 2922 commodum
635 2852 831 2919 senteutiam
858 2852 1067 2941 redigantur,
1101 2877 1209 2944 neque
1231 2856 1295 2922 alia
1317 2854 1623 2943 interpretationum
1645 2866 1827 2938 causaest,

401 2965 485 3030 quas
513 2939 567 3005 hic
593 2941 687 3006 locus
713 2938 766 3005 vel
794 2950 906 3004 nostra
932 2940 1088 3005 memoria
1114 2953 1180 3007 tam
1202 2943 1308 3008 varias
1335 2953 1457 3030 tauque
1480 2951 1645 3007 contortas
1673 2953 1828 3044 expertus

401 3038 471 3112 est,
502 3037 539 3090 nt
559 3025 617 3115 qui
638 3027 697 3090 has
721 3023 808 3090 solas
834 3025 928 3115 sequi
951 3027 1107 3110 voluerit,
1139 3051 1201 3093 nae
1226 3027 1284 3094 ille
1308 3029 1410 3094 multo
1439 3026 1514 3115 plus
1541 3026 1750 3092 obscuritatis
1777 3028 1826 3092 in·

402 3124 560 3178 venturus
592 3111 654 3192 sit,
686 3134 784 3200 qnam
814 3111 872 3201 qui
899 3111 1006 3214 ipsam
1031 3110 1138 3178 Caelii
1164 3113 1384 3179 narrationem
1412 3114 1603 3201 incorrupto
1631 3135 1731 3178 sensu
1762 3136 1828 3178 am·

426 3199 576 3264 lectatur.
632 3200 762 3286 Agmeo
786 3196 884 3262 dncat
905 3208 1023 3262 aterum
1047 3197 1281 3282 Drnmaunns,
1311 3199 1369 3288 qui
1390 3197 1433 3264 T.
1451 3198 1501 3282 ll,
1524 3223 1559 3287 p.
1577 3199 1642 3263 199
1663 3197 1697 3263 in
1721 3198 1829 3288 ipsius

402 3222 447 3350 ἓ.
471 3281 604 3349 Claudii
625 3283 711 3348 vitaz
743 3281 791 3347 Μ.
813 3280 992 3365 Servilius,
1023 3282 1149 3372 inquit,
1182 3284 1327 3353 welchcr
1351 3285 1409 3349 ihu
1436 3285 1523 3349 daun
1550 3285 1829 3387 wegcussrpres·

404 3393 532 3458 sungeu
554 3361 717 3456 aulslagte,
747 3367 862 3433 wurde
884 3391 948 3433 rou
972 3368 1040 3433 ihm
1062 3369 1123 3435 mit
1145 3368 1249 3436 Gelde
1272 3369 1542 3458 heschwichtigt3
1576 3393 1648 3435 seru
1661 3394 1831 3521 (pungerer

403 3454 497 3521 Sohn
528 3454 660 3542 Appius
691 3454 834 3520 forderte
865 3477 901 3520 es
934 3477 964 3518 a.
988 3455 1030 3519 dl
1064 3456 1187 3521 zuritcl
1216 3455 1283 3521 und
1314 3455 1394 3522 licss
1425 3478 1502 3521 zum
1536 3455 1631 3522 Theit
1684 3456 1829 3522 ieselheu

404 3541 543 3607 Richter
563 3564 619 3621 zu,
644 3538 770 3607 welche
793 3540 856 3607 deu
879 3540 982 3605 Vater
993 3541 1071 3626 srei
1092 3542 1273 3627 esproclters
1294 3542 1404 3608 hatten
1427 3541 1495 3605 und
1517 3565 1585 3606 nun
1609 3541 1668 3607 der
1689 3541 1829 3631 eigcneu

404 3625 495 3694 Ehre
516 3650 632 3713 wegcu
655 3625 817 3693 Servilius
846 3626 939 3692 nicht
964 3566 1185 3693 vcrnrtheileu
1212 3628 1378 3712 ltnonten3
1411 3626 1552 3692 inferius
1580 3638 1687 3694 autem
1714 3652 1749 3717 p.
1765 3628 1831 3693 384

402 3713 447 3779 ad
468 3711 616 3800 Appium
638 3713 797 3778 minorem
822 3712 949 3778 delatus
972 3711 1108 3778 eandem
1132 3736 1199 3778 rem
1220 3713 1372 3803 pluribus
1399 3712 1444 3778 ita
1471 3712 1635 3801 explicata
1667 3711 1829 3780 Servilius

406 3800 495 3864 hatte
525 3796 639 3862 seiuen
662 3798 765 3862 Vater
790 3797 893 3863 Ca'us
924 3797 1009 3864 nach
1035 3797 1154 3865 desscu
1182 3799 1358 3867 Riiclrlehr
1380 3822 1445 3877 aus
1474 3797 1533 3864 der
1560 3798 1703 3865 Provinz
1732 3799 1829 3883 Asia,

406 3882 533 3950 welche
562 3907 597 3948 er
626 3908 656 3949 a.
679 3884 724 3948 55
751 3885 800 3949 als
827 3823 1004 3973 tiroprstor
1028 3885 1239 3967 -verwaltete,
1271 3910 1303 3952 w
1346 3907 1386 3950 su
1415 3884 1464 3949 Er
1486 3906 1669 3972 mssungeu
1697 3884 1831 3972 helangt

406 3968 477 4034 und
498 3969 584 4034 daun
630 3992 711 4058 egen
734 3969 788 4035 die
810 3970 1039 4059 Zusicheruug
1067 3971 1159 4037 einer
1184 3971 1317 4038 hetrtch
1345 3971 1440 4038 ’chen
1463 3908 1597 4037 dummc
1626 3970 1699 4037 sich
1721 3971 1831 4059 inege-

406 4055 495 4122 heim
516 4054 608 4120 mit’
635 4080 667 4120 m
711 4055 850 4143 eeinigt,
874 4079 911 4122 so
934 4055 1009 4121 dass
1032 4055 1086 4122 die
1106 4057 1376 4149 Freispreehunp
1399 4055 1550 4143 erlnlgte.
1595 4055 1647 4122 Da
1669 4058 1727 4123 ihu
1745 4056 1832 4142 jetzt

388 4141 482 4207 'cine
509 4141 637 4230 gleiehe
666 4079 770 4230 ldage
800 4152 990 4226 erwartete‚
1026 4142 1252 4231 hesehnldigte
1281 4143 1341 4208 ihu
1371 4142 1504 4245 Appius
1534 4141 1589 4208 hei
1614 4141 1689 4209 dem
1715 4143 1832 4209 Prttor

405 4226 584 4293 luventius
606 4227 795 4293 Laterensis
824 4227 917 4295 ciues
947 4227 1130 4294 stralbarcn
1155 4227 1508 4312 Eiuverstttudmsscs3
1540 4251 1599 4294 aus
1626 4227 1829 4318 lligcuuntz,

409 4335 464 4377 um
491 4313 549 4378 das
578 4313 665 4381 Geld
692 4312 1023 4397 wiederunerhalteu,
1054 4313 1273 4403 heschimplte
1299 4339 1336 4382 er
1366 4314 1481 4380 sciueu
1504 4313 1606 4382 Vater
1634 4315 1679 4380 im
1702 4313 1830 4398 Grahe3

408 4396 562 4466 iiherdies
592 4424 661 4467 war
687 4423 723 4465 cr
751 4423 790 4464 so
817 4399 1050 4484 unhesonuen,
1082 4399 1157 4466 dass
1181 4425 1216 4467 er
1237 4400 1374 4468 Richter
1403 4398 1544 4480 aulicas,
1576 4399 1702 4467 welche
1726 4399 1830 4486 jeuen

409 4482 676 4634 lreigesprocheu
711 4486 822 4550 hatten
858 4484 925 4550 nnd
957 4484 1057 4550 daher
1088 4484 1251 4553 Servilius
1289 4486 1382 4554 nicht
1416 4485 1635 4553 rerurtheileu
1669 4486 1829 4567 lonnten,

407 4570 496 4635 ohne
519 4570 530 4634 i
555 4595 589 4636 re
614 4570 891 4659 linrasiehtiglaeit
913 4569 993 4636 oder
1015 4569 1305 4662 Ungerechtiglreit
1332 4596 1374 4638 au
1398 4573 1568 4661 gestclreu.
1622 4571 1700 4637 Man
1723 4572 1830 4637 z'a'hltc
