4456 5484
492 446 907 544 scannullas
957 446 1325 539 onokoitis
1376 447 1751 544 suous'ntn

923 615 1302 693 PROREGTOR

401 797 772 961 ww»
819 795 1212 948 mm.
1262 794 1656 950 ww&
1713 801 1830 951 D·

800 1027 1417 1106 consulturo.

406 1350 496 1512 Μ.
523 1429 628 1497 Caelii
650 1430 727 1497 Rufi
755 1428 967 1518 epistolarum
995 1430 1036 1495 ad
1059 1431 1254 1497 Ciceronem
1282 1431 1430 1497 libellum
1453 1432 1603 1522 quamvis
1632 1431 1752 1496 lervidi
1778 1432 1828 1497 in·

404 1518 496 1610 genii
521 1516 722 1606 negligentia
749 1514 872 1605 passim
898 1514 1125 1596 obscuratum,
1157 1528 1265 1583 tamen
1289 1541 1351 1582 nec
1373 1518 1567 1585 difficultate
1591 1517 1828 1605 interpretandi

404 1629 466 1673 nec
485 1602 659 1706 vepborum
676 1600 861 1706 corruptela
884 1600 964 1704 adeo
985 1600 1144 1704 laborare,
1169 1614 1205 1667 ut
1221 1603 1380 1668 eruditam
1396 1627 1416 1668 o
1440 1627 1527 1670 eram
1546 1625 1697 1669 recusare
1715 1602 1828 1706 potius

402 1687 1149 1875 ttttpttq'tt‘tt'lttttmb3¹¹,ll't
1164 1688 1829 1863 ¹¹2¹5¹'t.¹¹,;:;‚lo.⁷nt·0“listtt‘tt

402 1861 602 1940 rediremus,
661 1871 766 1927 raeter
791 1884 804 1961 ¹,
828 1881 897 1923 srus
927 1861 1110 1947 argumenti
1141 1798 1313 1961 illicebras
1340 1861 1438 1926 etiam
1463 1799 1612 1948 jucunda
1642 1859 1827 1927 scholarum

402 1945 585 2014 recordatio
606 1968 625 2010 e
650 1946 726 2031 ecit,
749 1883 870 2049 petbus
892 1955 968 2009 ante
988 1946 1051 2012 boc
1074 1945 1244 2011 biennium
1266 1946 1396 2012 easdem
1414 1945 1569 2036 epistolas
1592 1946 1627 2010 in
1643 1944 1827 2012 Seminario

404 2031 605 2122 pbilologico
627 2043 849 2098 tractavimus.
895 2028 1028 2119 Quippe
1051 2031 1139 2121 quod
1161 2031 1218 2096 vix
1240 2043 1442 2120 putaramns,
1476 2033 1549 2121 ipsa
1571 2031 1735 2098 borriduli
1758 2055 1826 2098 ser·

375 2128 379 2138 '
403 2118 511 2220 monis
534 2120 693 2220 asperitas
711 2115 879 2204 juveniles
902 2116 1030 2219 animos
1052 2117 1160 2182 acrius
1184 2140 1281 2206 quam
1303 2128 1390 2184 tersa
1413 2118 1551 2221 aliorum
1574 2117 1728 2220 facundia
1742 2118 1826 2220 ‘reti-

402 2204 789 2378 ttbtttlgttttt?
804 2225 991 2378 qiill‘ll
1008 2202 1828 2392 t?'ttttt:”tritt”tltt’t‘3033t33‘tt

405 2375 548 2441 incomta
571 2374 726 2464 disciprdi
748 2374 919 2441 dicacitate
941 2397 1127 2476 cpmparare
1150 2386 1324 2525 cuperent,
1358 2375 1424 2476 ippi
1447 2374 1737 2441 Ciceronianarnm
1759 2374 1827 2463 epi·

406 2462 563 2527 stolarum
593 2460 792 2529 enarrationi
825 2461 910 2524 banc
940 2458 1186 2548 disputatiuncu
1200 2484 1251 2524 am
1285 2471 1492 2549 praemittere
1523 2461 1631 2525 visum
1658 2471 1728 2543 est,
1760 2484 1827 2549 qua

401 2571 505 2637 quum
527 2546 609 2650 alios
622 2546 850 2650 Caelianprum
864 2546 969 2649 locos,
992 2557 1061 2648 tum
1084 2546 1248 2649 imprimis
1269 2570 1384 2629 unum,
1405 2570 1504 2636 quem
1520 2547 1610 2613 docti
1631 2546 1826 2636 interpretes

404 2657 484 2722 prae
506 2643 623 2698 ceteris
645 2633 886 2699 tenebricosum
908 2643 1149 2712 existimarunt,
1174 2643 1218 2696 rta
1239 2631 1490 2717 illustraremus,
1515 2643 1551 2697 ut
1574 2644 1706 2699 strenue
1728 2657 1826 2723 qnae·

403 2718 554 2785 rentibus
579 2743 641 2786 nec
666 2720 845 2786 lectionum
867 2717 996 2808 dumeta
1021 2742 1082 2785 nec
1104 2716 1260 2784 dictionis
1289 2718 1432 2784 salebras
1461 2729 1570 2796 rectae,
1593 2718 1665 2784 viae
1687 2717 1826 2806 vestigia

402 2803 606 2870 abscondere
623 2803 862 2893 intelligeretis.
907 2803 1026 2869 Exstat
1040 2803 1096 2870 ille
1114 2804 1148 2868 in
1164 2803 1303 2891 epistola
1320 2815 1445 2886 octava,
1466 2828 1563 2894 quam
1577 2814 1676 2870 totam
1692 2804 1826 2870 fuerunt

401 2891 462 2980 qni
484 2889 540 2956 vix
561 2890 693 2980 dignam
715 2891 890 2971 baberent,
913 2890 949 2953 in
972 2913 1037 2978 que
1059 2888 1253 2978 explicanda
1277 2890 1498 2973 elaborarent,
1523 2913 1586 2955 nos
1608 2902 1716 2956 tamen
1739 2889 1827 2955 band

401 2976 526 3043 scimus
555 3001 597 3041 an
624 2976 801 3067 plurimum
831 2975 1035 3041 difficultatis
1063 2975 1103 3040 ab
1131 2976 1214 3063 ipsis
1242 2974 1422 3041 editoribus
1452 2988 1558 3041 ortum
1586 2977 1650 3056 sit,
1684 2976 1743 3066 qni
1770 2986 1827 3040 aut

402 3061 526 3127 nodum
553 3063 588 3126 in
616 3063 682 3128 seir
706 3086 725 3129 o
747 3073 943 3151 quaererent
965 3074 1021 3127 eut
1042 3062 1204 3127 sermonis
1251 3060 1458 3149 roprietatem
1486 3062 1604 3126 mirum
1631 3062 1666 3126 in
1693 3061 1825 3126 modum

401 3148 414 3214 i
463 3161 604 3214 orarent.
661 3086 824 3214 lllittimns
853 3147 1089 3228 Wiclandum,
1127 3148 1185 3236 qni
1219 3085 1292 3239 ἐξ)
1320 3169 1338 3210 a
1370 3147 1562 3234 planissima
1591 3149 1753 3215 sententia
1780 3146 1826 3212 ita

399 3171 576 3316 abiecerit,
599 3245 648 3317 ut,
671 3234 729 3299 nbi
751 3232 884 3299 Caclius
907 3235 1062 3322 Pompq‘o
1085 3257 1161 3299 cum
1180 3232 1324 3301 Caeam
1346 3258 1389 3299 ue
1412 3236 1516 3299 otium
1538 3256 1608 3301 esee
1629 3233 1663 3297 id
1685 3243 1736 3298 est
1757 3256 1826 3299 cer·

400 3329 509 3384 tamen
532 3318 619 3386 inter
641 3323 701 3387 bos
724 3321 877 3408 ingruere
900 3319 1033 3407 scripsit
1057 3321 1108 3407 (ut
1122 3318 1256 3385 Cornel.
1271 3319 1355 3408 Nep.
1368 3257 1498 3385 antam.
1517 3321 1596 3385 c.7z
1619 3318 1729 3387 iutell’
1751 3319 1826 3386 ebat

396 3404 464 3472 sibi
489 3427 564 3471 cum
591 3409 666 3472 uiro
683 3409 774 3493 sorti
795 3417 827 3473 et
853 3417 989 3472 strenuo
1017 3408 1186 3496 nepotiana
1208 3406 1304 3490 esse),
1331 3405 1388 3471 illo
1411 3405 1694 3495 interpretaretnrr
1757 3430 1824 3471 om·

396 3491 494 3580 pejus
520 3492 611 3558 stebe
639 3497 700 3558 mit
728 3491 852 3559 Caeam
880 3495 917 3557 iu
944 3491 1113 3583 pebeimer
1139 3489 1445 3582 Uuterbuudluup3
1484 3491 1544 3558 sed
1572 3516 1614 3557 ne
1640 3490 1824 3557 Manutium

401 3575 536 3666 quidem
558 3578 754 3667 excipimus,
778 3578 837 3668 qui
859 3574 937 3668 §.b
968 3577 1024 3643 nbi
1046 3576 1180 3643 Caelius
1204 3574 1542 3644 Senotuwonaultuua
1554 3580 1692 3665 scebant
1714 3588 1825 3644 aucto·

400 3664 815 3767 ritutesqueyerseriptus
843 3686 914 3768 esse
942 3676 1068 3747 narrat,
1106 3667 1330 3767 praescriptas
1358 3663 1498 3751 legendo
1521 3674 1629 3814 donli·
1653 3686 1824 3813 remhper·

399 3750 1823 3925 2¹:52¹*21.lqtffittftttttttttfft‘tt⁸ssttttttttttt·effutit?

398 3919 444 3986 V.
467 3920 516 4006 2),
539 3921 640 4012 idque
662 3934 695 3988 et
712 3921 893 3989 lexicorum
913 3921 1091 3988 latinorum
1114 3920 1340 3987 conditoribus
1363 3931 1396 3986 et
1416 3920 1500 4008 ipsis
1523 3919 1735 3988 Ciceroniani
1756 3945 1824 3987 ser·

399 4006 509 4072 monis
539 4007 671 4074 arbitris
701 4008 747 4074 ita
777 4007 961 4097 persuasit,
1000 4018 1036 4072 ut
1062 4006 1160 4073 etiam
1191 4008 1232 4072 de
1261 4006 1354 4071 Orat.
1382 4005 1485 4072 llus
1509 4006 1659 4096 quamvis
1688 4006 1822 4096 optimis

399 4090 495 4157 libris
524 4093 639 4160 invitis
661 4094 704 4160 ad
724 4096 813 4161 bunc
835 4116 939 4181 nsque
961 4093 1048 4159 diem
1068 4092 1213 4182 legatur,
1244 4091 1420 4177 Crassum,
1451 4093 1489 4158 id
1509 4094 1599 4190 quod
1619 4095 1657 4157 iu
1678 4095 1823 4160 auotori-

399 4177 525 4245 utitur
545 4183 897 4268 praescriptionem,
919 4179 1092 4245 scribendo
1113 4179 1262 4282 officiose.
1308 4179 1356 4243 At
1377 4178 1466 4244 enim
1487 4178 1691 4267 perscribere
1713 4189 1823 4246 aucto·

400 4265 533 4364 ritatem
555 4266 635 4355 qnid
658 4266 718 4350 sit,
748 4290 789 4332 ex
809 4265 911 4354 ipsis,
941 4288 1025 4354 qnae
1048 4263 1181 4331 Caelius
1205 4263 1360 4330 Ciceroni
1381 4264 1489 4349 misit,
1517 4263 1658 4330 Senatus
1680 4264 1821 4332 decretis

400 4347 528 4452 liquido
550 4365 702 4458 apparet,
735 4351 856 4457 quibus
879 4350 1019 4440 singulis
1048 4351 1083 4415 in
1105 4351 1171 4455 line
1193 4348 1356 4436 adjectum
1378 4361 1452 4456 este·
1480 4355 1515 4453 εξ
1534 4353 1609 4447 quie
1632 4351 1710 4418 huie
1732 4348 1822 4452 SCta

399 4443 824 4609 ibssrff'd'iitniiiii
845 4439 998 4612 pm,
1011 4436 1821 4612 viil‘iiisii‘ul‘ilfflel,litum

400 4605 537 4693 reterri,
569 4610 658 4699 qnod
678 4635 780 4703 quum
802 4609 861 4676 illo
882 4609 937 4676 die
961 4619 1089 4698 praeter
1111 4631 1214 4674 unum
1234 4607 1388 4674 omnibns
1410 4608 1552 4676 Senatus
1575 4608 1714 4676 decretis
1736 4607 1820 4676 aeci·

1491 4724 1536 4789 ,.
