4456 5484
1109 418 1161 500 11

422 671 489 736 quo
511 643 665 734 pecunie,
695 667 791 746 quam
815 642 871 706 itte
894 641 1028 729 injustis
1052 642 1158 707 modia
1181 644 1382 727 confeceret,
1415 643 1631 732 pervenisset,
1662 643 1750 709 filius
1774 667 1792 706 e
1814 667 1850 709 re

423 757 481 798 sua
503 753 577 796 esse
599 739 738 819 putavit,
771 751 841 793 erm
864 751 996 816 quoque
1018 728 1117 814 hujus
1140 740 1266 817 purtem
1289 731 1467 812 iudicare,
1484 752 1582 817 quam
1603 742 1696 818 peter
1717 753 1849 818 praeve·

423 816 592 883 rieationis
621 838 719 880 cause
750 815 932 879 accusatori
960 837 1021 879 suo
1050 839 1068 880 a
1094 814 1136 879 ud
1166 827 1366 905 sequestrem
1397 814 1619 902 assignasset,
1658 839 1765 904 neqae
1793 826 1850 881 eut

420 903 525 992 Appii
547 902 631 966 uiiee
657 911 767 990 partes
796 909 875 963 sunt
920 923 993 964 uam
1023 838 1165 982 indicis,
1218 902 1271 985 ui,
1302 914 1338 968 ut
1360 899 1499 968 Escberi
1526 901 1635 988 verbis
1658 913 1786 967 utemur
1808 902 1849 966 de

422 990 553 1055 testium
577 987 715 1070 netione,
743 984 899 1050 Turicil
944 986 978 1049 2.
1009 987 1042 1052 8.
1073 1012 1107 1076 p.
1121 987 1156 1071 3,
1183 926 1243 1053 ribi
1263 991 1332 1094 ipse
1354 989 1553 1054 sententium
1578 988 1725 1066 tuturus,
1754 1010 1848 1052 eccu-

422 1086 533 1141 sutore
551 1097 621 1137 nou
636 1074 796 1148 admisso,
819 1071 1024 1176 inquirebat,
1049 1073 1195 1139 taretros
1215 1075 1412 1142 delectorum
1434 1072 1513 1138 buie
1532 1072 1767 1160 patefaciebat,
1792 1085 1848 1138 eut

425 1162 490 1226 etio
509 1158 642 1225 nomine
664 1182 752 1242 reum
772 1156 949 1224 Servilium
971 1156 1259 1248 deprehendimus,
1281 1184 1379 1249 quem
1401 1181 1469 1248 quo
1491 1159 1647 1224 Rabirius
1669 1161 1846 1224 Postumus

427 1248 461 1312 in
484 1268 582 1311 cenea
604 1270 623 1308 a
643 1244 806 1329 Cicerone
827 1255 897 1311 acta
920 1256 1071 1331 apperet,
1099 1245 1187 1334 quod
1210 1245 1296 1321 inter
1317 1270 1374 1313 eos
1396 1244 1581 1329 baberetur,
1631 1245 1727 1310 uibus
1750 1245 1847 1312 bomo
1891 1284 1896 1301 ι

420 1334 462 1398 de
481 1329 671 1434 repetundis
691 1329 863 1395 demnatue
886 1331 1046 1419 pecuniae
1067 1354 1146 1395 suec
1168 1344 1293 1420 partem
1315 1329 1561 1421 impertivisset.
1606 1269 1846 1397 imeraricetio

419 1418 584 1507 peculiare
601 1414 783 1502 judicium,
809 1416 955 1505 integros
974 1417 1107 1503 judices
1130 1417 1310 1505 exegisset,
1332 1418 1426 1499 lites,
1458 1440 1524 1506 quo
1547 1440 1585 1483 ee
1606 1416 1746 1520 peeume
1773 1440 1846 1505 per·

420 1503 584 1586 venisset,
615 1514 651 1567 ut
671 1501 777 1605 ipsius
801 1500 974 1567 Ciceronis
996 1502 1106 1568 verbis
1129 1514 1220 1586 utar,
1252 1528 1323 1569 uon
1344 1507 1415 1570 suis
1435 1507 1581 1591 propriis
1599 1504 1759 1592 judiciis,
1788 1504 1848 1568 sed

420 1593 457 1654 io
488 1613 582 1655 reuse
605 1592 713 1674 jectu
745 1588 963 1653 condemnari
989 1588 1161 1673 sotebant,
1196 1589 1284 1679 quod
1316 1589 1346 1656 si
1373 1589 1505 1655 eosdem
1529 1588 1680 1676 judiees,
1713 1589 1771 1678 qui
1801 1588 1843 1655 C.

419 1675 560 1740 Claudio
582 1674 657 1741 lites
680 1672 947 1756 eestimaveraut,
980 1674 1077 1740 etiem
1100 1674 1141 1740 de
1164 1673 1212 1739 M.
1236 1674 1378 1743 Servilio
1401 1675 1436 1740 in
1460 1674 1634 1740 consitium
1658 1675 1843 1756 mittuntur,

420 1762 473 1826 vel
494 1760 572 1825 bine
594 1784 612 1824 e
634 1770 730 1863 peret
751 1782 818 1824 non
840 1759 1129 1849 praeverieetiouis
1153 1761 1258 1843 bunc,
1289 1763 1347 1828 sed
1365 1761 1529 1865 pecuniae
1546 1759 1711 1846 judicium
1733 1760 1845 1828 subire

419 1872 460 1912 ex
482 1846 512 1912 le
535 1870 553 1911 e
575 1785 678 1929 luite,
702 1869 765 1934 qua
788 1857 918 1911 cautum
940 1857 1021 1928 eret,
1047 1858 1083 1910 nt
1106 1847 1136 1911 si
1159 1871 1200 1912 ex
1223 1850 1295 1936 ejus
1316 1870 1376 1951 qur
1397 1847 1438 1913 de
1459 1844 1650 1936 repetundis
1673 1845 1844 1915 damnetus

418 1945 499 2016 eret,
567 1932 618 1996 nis
642 1954 709 1996 non
732 1941 858 1997 tantum
881 1931 1095 2020 redigeretur,
1119 1933 1235 2022 quenti
1256 1935 1287 2000 ei
1308 1935 1384 2000 lites
1403 1932 1589 2006 restimatae
1608 1943 1732 2015 essent,
1778 1933 1844 1999 nod

417 2019 580 2108 reliquum
608 2027 697 2083 esset
723 2016 763 2082 eb
790 2016 833 2082 iis
859 2028 1040 2122 peteretur,
1073 2017 1114 2082 ad
1142 2042 1227 2109 quos
1256 2044 1293 2086 ee
1320 2018 1460 2109 petuma
1490 2017 1713 2106 pervenisset,
1744 1956 1844 2107 idque

416 2106 516 2170 etiam
539 2104 679 2169 formula
702 2127 772 2168 oon
794 2104 946 2192 redegero
969 2103 1131 2190 ostendit,
1161 2105 1215 2171 cui
1241 2116 1330 2172 reete
1352 2104 1589 2170 Mommseoius
1616 2102 1650 2168 in
1679 2105 1843 2171 secutoris

417 2190 546 2255 demum
577 2189 707 2277 judicio
739 2189 846 2255 locum
877 2189 1013 2275 tribuit,
1056 2189 1091 2255 id
1120 2194 1230 2296 ipsum
1260 2202 1369 2258 temen
1399 2213 1501 2280 quum
1531 2213 1597 2285 que
1628 2212 1668 2255 eo
1698 2194 1843 2278 pecunie

414 2281 604 2428 petrqpperit
625 2275 730 2340 fuisse
753 2275 923 2358 concedat,
946 2275 1110 2366 quomodo
1133 2278 1219 2345 edem
1241 2278 1281 2345 de
1300 2280 1589 2365 praeuaricatione
1609 2275 1722 2356 fuerit,
1746 2300 1842 2367 segre

415 2385 486 2427 rue
513 2389 522 2427 ι
547 2385 595 2426 es.

524 2387 603 2514 dam
625 2445 769 2536 denique
790 2457 827 2511 ut
848 2448 1109 2536 comprehensis,
1131 2472 1216 2537 qeee
1238 2447 1344 2515 adbuc
1367 2446 1557 2537 singulatim
1575 2447 1728 2535 exposita
1750 2459 1840 2534 sunt,

415 2542 520 2599 totum
547 2533 714 2621 negotium
739 2533 856 2598 ordine
880 2554 1115 2623 persequemur
1136 2535 1247 2600 eedem
1273 2558 1314 2600 ue
1337 2557 1436 2623 opere
1463 2532 1559 2598 etiem
1584 2555 1667 2621 quee
1694 2534 1841 2600 nondum

415 2619 550 2769 11111
553 2619 893 2771 ἶ“”’ῒῖἕο1111.ῗῖ”’
915 2644 1084 2771 offis,
1115 2620 1158 2686 ⁰·
1176 2558 1366 2771 qubftqt,
1393 2617 1583 2769 qqnpsp
1593 2618 1841 2771 §ttitffbtt

412 2751 593 2880 Ptitologd
612 2729 695 2877 dili,
718 2815 753 2880 p.
765 2791 857 2878 678),
880 2728 925 2855 iio
920 2791 968 2857 M.
992 2711 1621 2880 Seerviiiiterdepdtceddaddinmeecusetem
1639 2730 1840 2858 demneidiu·

413 2901 480 2966 que
509 2900 582 2943 esse
633 2901 669 2943 ro
698 2889 787 2944 certo
817 2877 1012 2961 stetuimus3
1047 2878 1186 2943 eundem
1215 2888 1322 2943 tamen
1346 2888 1565 2944 accusatorem
1588 2898 1656 2940 rem
1678 2898 1770 2942 suem
1793 2878 1840 2944 ite

411 2963 559 3051 gessisse
586 2902 719 3029 Cietius
749 2963 876 3053 prodit,
912 2975 948 3028 ut
977 2987 1085 3052 neque
1112 2963 1173 3048 iia,
1206 2987 1344 3052 quorum
1374 2986 1504 3028 causum
1534 2984 1631 3049 egere
1662 2961 1838 3048 videretur,

415 3050 496 3115 satis
519 3050 640 3117 feceret
661 3073 769 3139 neque
792 3050 864 3138 ipsc
886 3049 959 3134 ejus
982 3048 1150 3133 criminis,
1182 3050 1277 3136 eujus
1304 3073 1394 3114 reum
1419 3046 1592 3114 Clendium
1613 3047 1754 3136 egisset,
1783 3074 1838 3115 es·

412 3159 489 3225 pers
518 3136 624 3202 tuisse
650 3136 827 3202 rideretur.
883 3135 980 3219 Quod
1008 3135 1096 3201 enim
1124 3135 1277 3201 turbasse
1303 3138 1342 3201 ise
1369 3135 1521 3200 omuibus
1547 3134 1647 3201 rebus
1675 3147 1837 3220 narretur,

408 3236 480 3287 'non
504 3221 549 3288 ita
571 3221 822 3310 intelligendum
844 3232 908 3304 est,
939 3232 976 3286 nt
996 3221 1076 3287 alibi
1098 3222 1301 3288 conturbare
1321 3221 1490 3304 dicuntur,
1545 3219 1697 3287 sibonis
1721 3219 1786 3285 dila
1811 3221 1837 3287 i·

410 3307 497 3373 datis
530 3308 727 3374 creditorum
756 3309 901 3373 rationes
931 3307 1051 3374 feliunt
1082 3309 1168 3395 (Att.
1193 3308 1254 3373 IV.
1279 3309 1312 3389 ⁷,
1342 3307 1457 3373 Plane.
1481 3243 1585 3390 edu,
1617 3306 1691 3372 Fin.
1715 3306 1744 3371 1.
1763 3245 1836 3390 18),

352 3458 362 3479 N
411 3393 472 3459 sed
494 3394 605 3459 turbes
628 3394 706 3459 inde
726 3407 814 3459 ortes
837 3391 1018 3481 significat,
1049 3395 1138 3482 quod
1161 3394 1218 3459 ille
1240 3393 1281 3458 eb
1302 3393 1400 3460 initio
1423 3404 1594 3482 suseeptee
1617 3393 1835 3459 accusetiorie

411 3481 496 3545 melu
514 3480 579 3546 fide
596 3491 718 3567 egeret,
740 3480 916 3568 omniaque
938 3479 1065 3545 venelia
1086 3480 1211 3546 hebens
1234 3503 1300 3546 non
1324 3504 1380 3546 reo
1402 3491 1540 3561 tentum,
1563 3489 1600 3543 ut
1621 3490 1733 3567 postea
1756 3480 1836 3584 legi·

411 3588 499 3646 mus,
556 3565 834 3631 reevsriestoriam
857 3587 989 3653 opereat
1010 3566 1213 3647 vendiderat,
1247 3567 1306 3634 sed
1327 3565 1426 3632 etiem
1448 3565 1613 3649 damneto,
1645 3587 1746 3654 quum
1769 3589 1834 3638 sens

408 3652 505 3738 gulos
531 3589 610 3718 dites
642 3652 807 3716 eeetimsri
835 3650 1160 3753 provincialibusque
1189 3676 1273 3742 qnee
1301 3652 1424 3739 injuria
1450 3675 1505 3717 ere
1529 3662 1562 3717 ta
1587 3660 1680 3716 erent
1705 3651 1833 3753 restitui

408 3749 595 3826 oporteret,
616 3760 737 3802 eoru·
764 3759 906 3802 maxime
931 3737 1113 3802 commodis
1144 3740 1375 3821 consuleerat,
1408 3737 1508 3824 equi
1555 3760 1571 3800 s
1598 3759 1739 3826 pecunte
1762 3759 1833 3802 eor·

410 3835 627 3925 rumperetur.
672 3821 836 3889 Nimirum
847 3822 956 3926 ‘brito‘
960 3822 1102 3972 pudisplio,
1122 3823 1155 3927 si
1171 3849 1212 3928 ex
1235 3824 1319 3928 ipsis
1336 3822 1480 3888 demnati
1501 3822 1599 3926 bonis
1617 3844 1685 3926 non
1708 3833 1834 3888 tantum

406 3908 958 4078 t⁶“.‘.t.‘t¹:t¹:'²2t1,⁰t¹·''f.„t.¹t
974 3908 1833 4087 ζωὲῗὰἒεῗ“ῢ“ᾕυῖ“ᾟῖᾗηίῗ’,311ζοἱίἷὲ

407 4081 633 4232 &titt
650 4104 771 4233 15:34:
799 4079 1667 4232 22:⁶1¹?ttttt‘t'dtti„tl⁴“tlutt‘m
1690 4078 1830 4231 istit:

409 4252 474 4317 aeri
499 4252 507 4269 '
526 4297 537 4333 ,
559 4276 676 4342 nempe
699 4265 735 4317 ut
752 4189 1033 4318 Alabandeoiiium
1055 4253 1203 4335 nomine,
1276 4275 1368 4317 orum
1391 4191 1484 4317 illudi
1507 4189 1722 4317 uretoredioet
1743 4250 1830 4338 loga·

406 4345 476 4403 tum
496 4338 603 4405 dnisse
624 4363 665 4404 ex
686 4337 762 4404 cte.
786 4338 827 4403 ad
848 4341 920 4404 Au.
944 4335 1038 4402 xtlt.
1055 4337 1102 4402 61
1126 4338 1229 4427 probe
1254 4337 1342 4404 iliter
1363 4336 1563 4439 colligimas,
1594 4360 1633 4402 ee
1655 4347 1829 4428 repeteret,

403 4421 525 4572 quibas
556 4426 616 4490 bos
645 4448 777 4514 qaoque
809 4448 827 4488 a
857 4422 899 4488 G.
924 4421 1064 4488 Cieudio
1094 4424 1253 4529 ppeiiatos
1281 4447 1355 4491 esse
1388 4425 1422 4488 in
1448 4422 1578 4510 judicio
1599 4422 1827 4526 ,apparuisset

440 4517 453 4571 t
475 4509 561 4575 esim
584 4509 784 4578 accusatoris
806 4507 942 4599 perfidie
965 4521 997 4573 et
1018 4522 1152 4576 ererrtn
1176 4511 1256 4576 baec
1278 4509 1376 4576 causa
1398 4509 1433 4574 in
1456 4519 1577 4573 tentam
1598 4507 1754 4574 invidiam
1774 4509 1830 4574 ed·

403 4591 501 4660 ducte
524 4608 605 4681 erat,
635 4608 672 4662 ut
692 4620 793 4687 quum
816 4596 851 4661 iu
874 4617 904 4659 e.
928 4594 1007 4680 703,
1039 4620 1105 4685 quo
1129 4597 1203 4685 ipso
1226 4597 1306 4662 haee
1329 4594 1463 4662 Caelius
1489 4595 1694 4684 perscripsit,
1724 4607 1756 4661 et
1776 4595 1826 4662 11.
