4456 5490
968 437 1267 520 ..7-

405 668 514 772 qleicb
536 667 602 734 viel
624 666 784 815 Stipameu
815 665 965 816 lquppd
994 688 1099 816 qpqeu
1122 665 1185 732 deu
1207 667 1406 817 ¹llelrlagten,
1441 666 1507 730 und
1530 666 1588 770 der
1609 669 1725 770 Priitor
1745 670 1833 736 b‘a'tte

406 756 465 907 ll
480 754 728 905 lsst'ztldf,
748 774 1019 905 :distenti
1047 774 1139 921 iil.
1156 753 1206 903 ‘t'
1220 753 1835 930 {3:„„:fel2¹⁸;ltltttstltt'll

406 926 526 992 lalsnm
548 936 610 1005 est,
626 936 756 1027 partem
779 932 904 990 tantum
915 922 1067 1008 judicum
1087 947 1127 989 ex
1145 947 1257 990 corum
1275 948 1411 990 numero
1429 925 1546 1008 fnisse,
1568 925 1626 1014 qui
1643 924 1683 990 C.
1701 925 1834 993 Claudii

406 1036 536 1078 causam
561 1010 788 1097 judicassent,
825 1008 924 1073 immo
954 1007 1051 1074 claris
1078 1009 1188 1081 verbis
1218 1009 1352 1076 Caelius
1380 1011 1531 1093 cosdem,
1566 1011 1624 1099 qui
1653 1010 1726 1077 illas
1755 1012 1832 1078 lites

404 1098 651 1175 aestimassent,
683 1095 815 1181 judices
838 1093 878 1158 ab
900 1095 1014 1197 Appio
1037 1094 1071 1159 in
1095 1097 1271 1162 consilinm
1294 1096 1413 1161 missos
1437 1120 1509 1163 csse
1532 1108 1659 1181 narrat,
1693 1122 1832 1187 qnorum

406 1183 436 1248 si
463 1182 568 1248 nihilo
594 1181 704 1246 miuus
733 1180 777 1245 ita
804 1189 985 1247 sententiae
1012 1179 1259 1272 discrepabant,
1292 1194 1329 1247 ut
1352 1182 1424 1271 pari
1447 1206 1582 1248 numero
1605 1183 1639 1247 iu
1663 1194 1833 1274 utramque

428 1280 529 1335 artem
552 1279 823 1370 exaequarmmr,
854 1266 997 1332 rationes
1020 1265 1108 1349 illae,
1139 1268 1260 1357 quibus
1283 1291 1339 1370 eos
1362 1269 1396 1333 iu
1416 1268 1597 1355 judicando
1620 1268 1735 1334 ductos
1758 1293 1832 1335 esse

404 1294 617 1421 lirumaunus
639 1364 761 1431 annuit,
784 1351 933 1442 prolecto
955 1375 1022 1417 nou
1042 1353 1173 1419 eaedem
1192 1355 1226 1419 iu
1246 1353 1398 1420 ommbus
1418 1377 1491 1421 esse
1510 1365 1671 1443 poteraut.
1716 1355 1832 1445 Neque

258 1484 263 1495 ·
403 1439 656 1544 imprudentiam
686 1439 798 1542 Appio
830 1448 886 1501 aut
918 1435 1052 1504 Caelius
1085 1440 1259 1527 exprobrat
1288 1450 1344 1504 aut
1376 1463 1435 1504 nos
1467 1441 1628 1544 imputare
1661 1440 1831 1526 debemus,

404 1551 463 1616 qur
484 1525 616 1593 eosdem
638 1525 714 1590 illos
733 1524 865 1612 Judiees
890 1522 924 1586 in
947 1523 1122 1590 consilium
1146 1525 1193 1591 ire
1212 1548 1331 1614 passus
1354 1525 1416 1609 sit,
1442 1551 1499 1616 qm
1520 1549 1549 1590 sr
1571 1527 1672 1592 semel
1690 1527 1729 1592 ad
1746 1529 1831 1594 bane

404 1634 534 1680 causam
562 1611 733 1678 constituti
759 1620 868 1691 erant,
902 1633 920 1674 a
943 1609 1137 1676 secundario
1159 1611 1340 1699 litigatore,
1372 1613 1430 1701 qui
1456 1636 1492 1677 se
1513 1612 1677 1702 posterius
1701 1613 1831 1679 demum

403 1698 454 1764 illi
482 1720 600 1764 causae
630 1696 872 1784 interponeret,
911 1720 952 1762 uc
983 1695 1077 1797 req’ici
1105 1697 1238 1785 quidem
1257 1697 1417 1800 'potuisse
1449 1698 1614 1764 videntur.
1679 1698 1831 1785 Rejectio

403 1783 490 1851 enim
507 1807 582 1850 cum
598 1782 771 1848 sortitione
782 1779 932 1868 judicum
952 1793 1127 1867 conjuncta
1146 1795 1233 1867 erat,
1257 1807 1292 1849 ru
1306 1784 1558 1872 repetundarum
1576 1795 1682 1850 antem
1692 1784 1829 1871 judiciis
1955 1839 1963 1851 .

401 1869 547 1952 eosdem,
570 1869 628 1958 qui
651 1869 752 1934 semel
773 1877 861 1933 sorte
883 1865 973 1933 ducti
994 1867 1070 1939 lites
1093 1869 1333 1948 aestimassent,
1355 1892 1569 1960 quaecuuque
1588 1870 1830 1937 coutroversiae

402 1956 443 2022 ad
476 1978 546 2022 eam
579 1954 837 2021 aestimationem
870 1952 1090 2040 pertinerent,
1136 1957 1285 2043 quamvis
1319 1956 1491 2041 interjecto
1526 1967 1672 2044 tempore
1707 1955 1831 2045 pariter

402 2040 632 2129 disceptandas
655 2039 823 2128 accepisse
844 2038 1028 2103 clarissimo
1053 2037 1182 2105 Rabirii
1200 2040 1350 2106 Postumi
1372 2065 1462 2106 exem
1488 2042 1520 2107 lo
1538 2041 1710 2125 discimus,
1733 2041 1829 2128 cnjus

401 2149 532 2193 causam
554 2151 573 2191 a
599 2150 658 2192 aus
682 2125 801 2191 Cicero
823 2148 853 2190 c.
868 2124 910 2188 dr
945 2125 1041 2189 modo
1062 2147 1133 2203 uos,
1163 2125 1289 2215 iuquit,
1319 2128 1436 2193 iisdem
1460 2065 1574 2193 litibus
1596 2129 1633 2191 in
1655 2131 1700 2192 A.
1728 2127 1830 2193 Gabi·

400 2216 497 2278 ninm
518 2213 561 2301 jn
591 2216 651 2280 ’ces
680 2212 830 2294 sedistis,
866 2233 932 2300 qno
962 2209 1063 2298 igitur
1092 2222 1237 2300 tempore
1269 2216 1301 2278 A
1325 2213 1401 2301 pins
1426 2212 1558 2300 judices
1587 2214 1621 2277 iu
1652 2214 1828 2278 eonsilium

401 2299 504 2402 misit,
535 2300 598 2402 boc
620 2309 671 2401 est
690 2309 765 2387 post
787 2307 890 2398 testeq
910 2294 1015 2398 editos
1038 2297 1151 2399 (Yerr.
1169 2298 1249 2380 ts,
1278 2236 1324 2365 cl
1347 2322 1412 2402 prq
1431 2297 1563 2365 Clueut.
1578 2323 1618 2401 ὀ.
1632 2299 1706 2450 ὃθὲ,
1729 2299 1827 2402 etiam

401 2408 551 2536 5:3⁰3?
568 2382 856 2573 ttltttzttt'lt
880 2382 1081 2533 blial*
1099 2383 1289 2554 {til'tt
1312 2384 1827 2561 ”3:0t·l„l⁸¹:t;l1..e„?”ztt

401 2555 442 2622 C.
498 2557 643 2622 landrum
665 2567 720 2621 aut
742 2553 884 2620 Servilio
906 2554 969 2619 boe
989 2555 1195 2643 propositum
1218 2555 1322 2623 luisse
1345 2557 1531 2639 arbitratur,
1553 2559 1648 2646 qnasi
1671 2557 1712 2622 ad
1733 2580 1827 2645 prae·
1970 2568 1973 2575 ’

399 2641 633 2709 caricationem
656 2644 722 2707 uon
746 2640 779 2705 id
803 2638 959 2721 sufficiat,
994 2651 1030 2704 ut
1056 2653 1225 2707 accusator
1245 2643 1337 2709 litem
1360 2642 1498 2707 minoris
1525 2644 1694 2726 aestimet,
1727 2665 1826 2732 quam

400 2753 436 2794 re
457 2752 533 2795 vera
554 2728 686 2812 debeat,
708 2750 775 2816 quo
798 2725 833 2790 in
856 2748 976 2814 genere
999 2726 1133 2791 luerunt
1154 2728 1212 2817 qui
1234 2751 1276 2793 ne
1297 2727 1492 2795 Ciceronem
1514 2727 1647 2817 quidem
1670 2729 1705 2794 iu
1728 2750 1826 2795 eausa

400 2814 544 2881 Verrius
572 2825 663 2880 extra
686 2815 815 2902 colpam
841 2812 947 2876 tuisse
968 2811 1240 2895 criminarentnr3
1275 2815 1320 2880 ci.
1344 2814 1529 2878 Drumaun.
1559 2812 1602 2879 T.
1618 2816 1663 2898 V,
1692 2839 1726 2904 p.
1741 2814 1826 2898 3253

401 2898 542 2966 Claudio
565 2912 671 2965 autem
702 2899 732 2963 si
761 2898 835 2964 lites
867 2896 1054 2963 aestimatae
1076 2909 1186 2981 erant,
1218 2898 1404 2964 damnatum
1428 2898 1533 2964 luisse
1554 2900 1748 2988 planissime
1770 2923 1827 3002 ap·

400 2997 511 3136 paret,
540 2997 577 3051 nt
597 2986 696 3051 Verr.
711 2983 795 3050 1.13
817 2985 856 3048 Ρ.
873 2981 1034 3071 Septimio
1056 2995 1205 3049 senatore
1226 2984 1378 3050 damnato
1400 2985 1440 3051 dc
1461 2983 1613 3073 pecuniis
1635 2985 1826 3075 repetundis

415 3095 444 3137 m
466 3075 643 3139 aestimata
665 3082 713 3139 cst
734 3094 771 3137 eo
795 3072 948 3148 nomine,
981 3070 1071 3170 qnod
1092 3071 1149 3136 ille
1171 3071 1211 3135 ob
1234 3094 1303 3158 rem
1322 3072 1547 3160 judicandam
1574 3076 1752 3159 pecuniam
1774 3093 1827 3137 ao·

400 3161 553 3246 cepisset,
587 3180 774 3248 quanquam
796 3158 859 3221 boc
883 3177 1014 3244 quoque
1042 3179 1076 3218 ιιι
1094 3156 1259 3242 judicium
1282 3158 1398 3224 eadere
1419 3167 1565 3247 poterat,
1595 3158 1684 3247 quod
1707 3156 1825 3223 Cicero
1932 3182 1935 3187 ·

399 3267 460 3332 pro
484 3242 647 3320 Cluentio
670 3268 700 3310 e.
718 3243 759 3307 dl
791 3242 833 3307 de
853 3251 923 3307 toto
944 3263 1064 3328 genere
1086 3253 1215 3307 narrata
1248 3244 1285 3307 in
1309 3243 1424 3310 litibus
1446 3245 1665 3324 aestimandis
1684 3246 1757 3331 fere
1769 3244 1826 3333 ja·

396 3332 497 3409 dices,
520 3341 580 3396 ant
601 3330 692 3423 qnod
711 3329 777 3393 sibi
796 3350 885 3405 enm,
913 3349 1012 3421 qnem
1033 3327 1136 3395 semel
1157 3328 1378 3411 damnarunt,
1402 3331 1577 3394 inimicum
1597 3340 1720 3418 putant
1742 3352 1824 3410 esse,

338 3469 340 3473 .
397 3419 428 3482 si
449 3439 517 3513 qna
544 3420 582 3482 in
608 3439 685 3481 enm
713 3415 754 3480 lis
777 3416 894 3501 eapitis
923 3411 1021 3477 illata
1050 3422 1118 3495 cst,
1153 3439 1223 3480 non
1252 3416 1453 3495 admittunt,
1488 3426 1548 3479 ant
1576 3417 1667 3513 qnod
1692 3439 1728 3482 se
1753 3440 1826 3502 per·

396 3504 531 3588 sianctos
545 3504 620 3591 jam
643 3524 712 3567 esse
736 3500 963 3579 arbitrantur,
996 3496 1100 3594 qnam
1122 3501 1163 3565 de
1183 3526 1221 3567 re
1238 3502 1446 3590 indicarent,
1474 3500 1699 3608 neqliqentins
1721 3512 1826 3568 atten-

398 3589 485 3653 dnnt
506 3599 633 3671 cetera,-
659 3591 774 3681 itaqne
795 3597 827 3654 ct
848 3586 1032 3674 majestatis
1055 3585 1201 3652 absoluti
1220 3597 1301 3653 sunt
1319 3587 1489 3675 permulti,
1534 3590 1633 3654 nabas
1655 3590 1824 3653 marnatis

397 3677 439 3741 de
458 3677 609 3761 pecuniis
628 3674 819 3761 repetundis
841 3671 915 3738 lites
936 3683 1017 3737 sant
1038 3675 1243 3754 aestimatae,
1266 3684 1298 3740 et
1320 3674 1382 3740 boc
1402 3677 1496 3772 quoti
1519 3698 1549 3740 re
1558 3675 1643 3762 fieri
1658 3675 1821 3756 videmus,

397 3772 435 3826 nt
464 3784 520 3825 reo
550 3761 709 3825 damnato
734 3760 775 3827 dc
800 3758 954 3847 pecuniis
982 3760 1191 3845 repetundis,
1225 3761 1271 3825 ad
1314 3783 1374 3826 nos
1393 3764 1584 3848 peruenisse
1603 3763 1764 3848 pecunias
1785 3763 1823 3825 in

398 3846 512 3912 litibus
542 3847 760 3913 aestimandis
784 3854 947 3911 statutam
977 3846 1040 3925 sit,
1073 3846 1201 3912 eosdem
1230 3782 1330 3932 (vulg.
1355 3846 1505 3930 rosilli,
1531 3846 1608 3911 l'ort.
1632 3869 1686 3912 eos
1708 3848 1821 3935 iidem)

394 3934 521 4021 indices
543 3933 737 4016 absolvant,
769 3932 859 4029 qnod
880 3953 983 4023 qnam
994 3931 1055 4018 fit,
1079 3954 1149 3996 non
1163 3934 1295 4023 judicia
1319 3933 1570 4012 rescinduntur,
1594 3934 1653 3998 sed
1674 3932 1736 3998 boc
1757 3943 1825 3998 sta·

397 4023 525 4099 tuitnr,
558 4021 821 4084 aestimationem
849 4017 959 4083 litium
986 4040 1055 4081 saon
1088 4039 1158 4084 csse
1177 4020 1359 4122 judicium.
1418 4019 1493 4103 Quo
1519 4042 1559 4083 ex
1584 4017 1657 4084 loco
1680 4019 1822 4107 primum

266 4146 270 4157 ·
397 4107 461 4171 boc
491 4104 685 4188 discimus,
706 4104 952 4194 quaestionem,
992 4125 1058 4191 quo
1081 4126 1226 4207 pecuum
1255 4105 1462 4196 pervenerit,
1506 4102 1547 4168 ad
1576 4103 1681 4192 ipsam
1715 4105 1822 4169 litium

397 4191 654 4257 aestimationem
686 4189 906 4280 pertinuisse,
947 4211 1031 4276 quae
1062 4211 1092 4255 sa
1121 4192 1298 4258 eorundem
1323 4191 1475 4278 judicum
1508 4190 1681 4256 sententiis
1710 4189 1820 4273 tiebat,

396 4276 455 4366 qui
477 4277 583 4366 ipsam
605 4298 735 4341 causam
753 4275 981 4361 judicassent,
1013 4285 1125 4342 nostra
1148 4300 1280 4367 quoque
1305 4277 1339 4341 iu
1363 4299 1461 4343 causa
1484 4299 1526 4341 ue
1547 4300 1649 4365 penes
1670 4275 1820 4365 Appium

397 4362 531 4451 quidem
557 4373 642 4465 erat,
679 4385 762 4450 quos
789 4360 921 4447 jndices
952 4360 1009 4463 de·
1025 4359 1160 4464 Servilii
1190 4363 1467 4453 praevaricatione
1497 4362 1532 4426 in
1564 4362 1740 4465 cqnsnilium
1769 4361 1819 4465 ire

396 4447 514 4599 tlt?
532 4447 661 4617 till?
681 4470 763 4599 liii
782 4446 1528 4620 “lttltd'llltlsttttttt‘t5¹¹3?
1543 4448 1819 4623 illihiieidiil

395 4618 501 4706 Appii
522 4620 744 4708 postulatione
770 4631 826 4684 aut
847 4640 960 4684 amens
984 4630 1040 4683 aut
1061 4620 1223 4686 netarium
1246 4622 1328 4704 luit,
1357 4622 1391 4686 in
1414 4645 1454 4687 eo
1478 4618 1589 4709 potins
1612 4619 1818 4703 cernebatur,
